<?xml version="1.0" encoding="UTF-8"?>
<collection xmlns:xsi="http://www.w3.org/2001/XMLSchema-instance" xsi:schemaLocation="http://www.loc.gov/MARC21/slim http://www.loc.gov/standards/marcxml/schema/MARC21slim.xsd" xmlns="http://www.loc.gov/MARC21/slim">
<record>
  <leader>01367cam a2200301   4500</leader>
  <controlfield tag="001">2670771</controlfield>
  <controlfield tag="003">NNC</controlfield>
  <controlfield tag="005">20130425143336.0</controlfield>
  <controlfield tag="008">870714r19701935iq            000 0 ara  </controlfield>
  <datafield tag="010" ind1=" " ind2=" ">
    <subfield code="a">   74962049 </subfield>
  </datafield>
  <datafield tag="035" ind1=" " ind2=" ">
    <subfield code="a">(OCoLC)ocm16170218</subfield>
  </datafield>
  <datafield tag="035" ind1=" " ind2=" ">
    <subfield code="9">ARB9342CU</subfield>
  </datafield>
  <datafield tag="035" ind1=" " ind2=" ">
    <subfield code="a">(NNC)2670771</subfield>
  </datafield>
  <datafield tag="040" ind1=" " ind2=" ">
    <subfield code="a">DLC</subfield>
    <subfield code="c">LUU</subfield>
    <subfield code="d">LUU</subfield>
    <subfield code="d">ZCU</subfield>
  </datafield>
  <datafield tag="090" ind1=" " ind2=" ">
    <subfield code="a">KBL0</subfield>
    <subfield code="b">.G48</subfield>
  </datafield>
  <datafield tag="100" ind1="0" ind2=" ">
    <subfield code="a">Ghazzālī,</subfield>
    <subfield code="d">1058-1111.</subfield>
  </datafield>
  <datafield tag="245" ind1="1" ind2="3">
    <subfield code="a">al-Mustasfá min ʻilm al-uṣūl,</subfield>
    <subfield code="c">li-Abī Ḥāmid Muḥammad ibn Muḥammad al-Ghazzālī. Wa-bi-dhaylihi Fawātiḥ al-raḥamūt bi-sharḥ Musallam al-thubūt fī uṣūl al-figh.</subfield>
  </datafield>
  <datafield tag="250" ind1=" " ind2=" ">
    <subfield code="a">Tabʻah jadīdah bi-al-ūfsit.</subfield>
  </datafield>
  <datafield tag="260" ind1=" " ind2=" ">
    <subfield code="a">Baghdād,</subfield>
    <subfield code="b">Maktabat al-Muthanná</subfield>
    <subfield code="c">[1970]</subfield>
  </datafield>
  <datafield tag="300" ind1=" " ind2=" ">
    <subfield code="a">2 v.</subfield>
    <subfield code="c">31 cm.</subfield>
  </datafield>
  <datafield tag="500" ind1=" " ind2=" ">
    <subfield code="a">In Arabic.</subfield>
  </datafield>
  <datafield tag="500" ind1=" " ind2=" ">
    <subfield code="a">Cover title: al-Mustasfā min ʻilm al-ūsūl, [by] al-G̲h̲azzālī, Abū Ḥāmid Muḥammad ibn Muḥammad al-Tūsī al-S̲h̲āfʻī.</subfield>
  </datafield>
  <datafield tag="500" ind1=" " ind2=" ">
    <subfield code="a">Reprint of the ed. published in Bulaq, 1325.</subfield>
  </datafield>
  <datafield tag="650" ind1=" " ind2="0">
    <subfield code="a">Islamic law</subfield>
    <subfield code="x">Interpretation and construction.</subfield>
  </datafield>
  <datafield tag="700" ind1="1" ind2="2">
    <subfield code="a">Baḥr al-ʻUlūm ʻAbd al-ʻAlī Muḥammad ibn Niẓām al-Dīn Muḥammad,</subfield>
    <subfield code="d">1731 or 1732-1810.</subfield>
    <subfield code="t">Fawātiḥ al-raḥamūt.</subfield>
    <subfield code="f">1970.</subfield>
  </datafield>
  <datafield tag="700" ind1="1" ind2=" ">
    <subfield code="a">Bahārī, Muḥibb Allāh ibn ʻAbd al-Shakūr,</subfield>
    <subfield code="d">-1707 or 1708.</subfield>
    <subfield code="t">Musallam al-thubūt.</subfield>
  </datafield>
  <datafield tag="740" ind1="0" ind2="0">
    <subfield code="a">Fawātiḥ al-raḥamūt.</subfield>
  </datafield>
  <datafield tag="955" ind1=" " ind2=" ">
    <subfield code="b">0039192490</subfield>
    <subfield code="d">glx</subfield>
    <subfield code="e">KBL .G48</subfield>
    <subfield code="v">v.2</subfield>
  </datafield>
</record>
</collection>